@incollection {ranicki2002structure,
	AUTHOR = {Ranicki, Andrew},
	TITLE = {The structure set of an arbitrary space, the algebraic surgery
	exact sequence and the total surgery obstruction},
	BOOKTITLE = {Topology of high-dimensional manifolds, {N}o. 1, 2 ({T}rieste,
	2001)},
	SERIES = {ICTP Lect. Notes},
	VOLUME = {9},
	PAGES = {515--538},
	PUBLISHER = {Abdus Salam Int. Cent. Theoret. Phys., Trieste},
	YEAR = {2002},
	MRCLASS = {57R67 (19J25)},
	MRNUMBER = {1937023},
}

@article {macko2013obstruction,
	AUTHOR = {K\"{u}hl, Philipp and Macko, Tibor and Mole, Adam},
	TITLE = {The total surgery obstruction revisited},
	JOURNAL = {M\"{u}nster J. Math.},
	FJOURNAL = {M\"{u}nster Journal of Mathematics},
	VOLUME = {6},
	YEAR = {2013},
	NUMBER = {1},
	PAGES = {181--269},
	ISSN = {1867-5778},
	MRCLASS = {57R65},
	MRNUMBER = {3148212},
	MRREVIEWER = {Ronald M. Dotzel},
}

@inproceedings {ranicki1979obstruction,
	AUTHOR = {Ranicki, Andrew},
	TITLE = {The total surgery obstruction},
	BOOKTITLE = {Algebraic topology, {A}arhus 1978 ({P}roc. {S}ympos., {U}niv.
	{A}arhus, {A}arhus, 1978)},
	SERIES = {Lecture Notes in Math.},
	VOLUME = {763},
	PAGES = {275--316},
	PUBLISHER = {Springer, Berlin},
	YEAR = {1979},
	MRCLASS = {57R67},
	MRNUMBER = {561227},
	MRREVIEWER = {J. P. E. Hodgson},
}

@article {davis1998assembly,
	AUTHOR = {Davis, James F. and L\"{u}ck, Wolfgang},
	TITLE = {Spaces over a category and assembly maps in isomorphism
	conjectures in {$K$}- and {$L$}-theory},
	JOURNAL = {$K$-Theory},
	FJOURNAL = {$K$-Theory. An Interdisciplinary Journal for the Development,
	Application, and Influence of $K$-Theory in the Mathematical
	Sciences},
	VOLUME = {15},
	YEAR = {1998},
	NUMBER = {3},
	PAGES = {201--252},
	ISSN = {0920-3036},
	MRCLASS = {55N20 (19D10)},
	MRNUMBER = {1659969},
	MRREVIEWER = {A. A. Ranicki},
	DOI = {10.1023/A:1007784106877},
	URL = {https://doi.org/10.1023/A:1007784106877},
}

@incollection {weiss1995asssembly,
	AUTHOR = {Weiss, Michael and Williams, Bruce},
	TITLE = {Assembly},
	BOOKTITLE = {Novikov conjectures, index theorems and rigidity, {V}ol. 2
	({O}berwolfach, 1993)},
	SERIES = {London Math. Soc. Lecture Note Ser.},
	VOLUME = {227},
	PAGES = {332--352},
	PUBLISHER = {Cambridge Univ. Press, Cambridge},
	YEAR = {1995},
	MRCLASS = {55N20 (19L99 55P65)},
	MRNUMBER = {1388318},
	MRREVIEWER = {Roland Schw\"{a}nzl},
	DOI = {10.1017/CBO9780511629365.014},
	URL = {https://doi.org/10.1017/CBO9780511629365.014},
}

@article {ranicki1990assembly,
	AUTHOR = {Ranicki, Andrew and Weiss, Michael},
	TITLE = {Chain complexes and assembly},
	JOURNAL = {Math. Z.},
	FJOURNAL = {Mathematische Zeitschrift},
	VOLUME = {204},
	YEAR = {1990},
	NUMBER = {2},
	PAGES = {157--185},
	ISSN = {0025-5874},
	MRCLASS = {55U15 (18F25 19M05)},
	MRNUMBER = {1055984},
	MRREVIEWER = {Ulrike Tillmann},
	DOI = {10.1007/BF02570866},
	URL = {https://doi.org/10.1007/BF02570866},
}

@ARTICLE{ozornova2022steiner,
	author = {{Ara}, Dimitri and {Gagna}, Andrea and {Ozornova}, Viktoriya and {Rovelli}, Martina},
	title = "{A categorical characterization of strong Steiner $\omega$-categories}",
	journal = {arXiv e-prints},
	year = 2022,
	archivePrefix = {arXiv},
	eprint = {2204.12962},
	primaryClass = {math.CT},
}

